@book{Abrial1996,
author = {Abrial, J.-R.},
title = {{The B-book: assigning programs to meanings}},
url = {http://portal.acm.org/citation.cfm?id=236705},
publisher = {Cambridge University Press},
year = {1996}
}

@manual{ClearSy,
annote = {$\backslash$url\{http://www.atelierb.eu\}},
author = {ClearSy},
organization = {Clearsy System Engineering},
title = {{Atelier B User Manual Version 4.0}},
year = {2009}
}

@inproceedings{Lattner04LLVM,
  author    = {Chris Lattner and
               Vikram S. Adve},
  title     = {{LLVM}: A Compilation Framework for Lifelong Program Analysis
               {\&} Transformation},
  booktitle = {2nd IEEE / ACM International Symposium on Code Generation
               and Optimization (CGO 2004), 20-24 March 2004, San Jose,
               CA, USA},
  year      = {2004},
  pages     = {75-88},
  ee        = {http://doi.ieeecomputersociety.org/10.1109/CGO.2004.1281665},
  bibsource = {DBLP, http://dblp.uni-trier.de}
}

@INPROCEEDINGS{DBLP:conf/tapsoft/B-Core95,
  title = {B-Core: The B-Toolkit Demonstration},
  booktitle = {TAPSOFT},
  year = {1995},
  pages = {805-806},
  bibsource = {DBLP, http://dblp.uni-trier.de},
  crossref = {DBLP:conf/tapsoft/1995},
  ee = {http://dx.doi.org/10.1007/3-540-59293-8_243}
}

@MISC{ComenC,
  author = {ClearSy},
  title = {{ComenC}, {B0} Implementation Translation into {C} Language},
  howpublished = {Available at:http://www.comenc.eu },
  year = {2008},
  institution = {ClearSy System Engineering }
}

@INPROCEEDINGS{Dantas_SBMF08,
  author = {B. P. Dantas and David D\'{e}harbe and S. L. Galv√£o and A. M.
	Moreira and V. G. Medeiros{\ }Jr.},
  title = {Applying the {B} method to take on the grand challenge of verified
	compilation},
  booktitle = {Brazilian Symposium on Formal Methods},
  year = {2008},
  address = { Salvador - BA},
  organization = {SBMF}
}

@inproceedings{vellvm,
  author    = {Jianzhou Zhao and
               Santosh Nagarakatte and
               Milo M. K. Martin and
               Steve Zdancewic},
  title     = {Formalizing the {LLVM} intermediate representation for verified
               program transformations},
  booktitle = {POPL},
  year      = {2012},
  pages     = {427-440},
  ee        = {http://doi.acm.org/10.1145/2103656.2103709},
  bibsource = {DBLP, http://dblp.uni-trier.de}
}
